@article{Zhang2019PortraitNetRP,
  title={PortraitNet: Real-time portrait segmentation network for mobile device},
  author={Song-Hai Zhang and Xin Dong and Hui Li and Ruilong Li and Yong-Liang Yang},
  journal={Comput. Graph.},
  year={2019},
  volume={80},
  pages={104-113},
  url={https://api.semanticscholar.org/CorpusID:131924823}
}

@article{DBLP:journals/corr/abs-1801-04381,
  author       = {Mark Sandler and
                  Andrew G. Howard and
                  Menglong Zhu and
                  Andrey Zhmoginov and
                  Liang{-}Chieh Chen},
  title        = {Inverted Residuals and Linear Bottlenecks: Mobile Networks for Classification,
                  Detection and Segmentation},
  journal      = {CoRR},
  volume       = {abs/1801.04381},
  year         = {2018},
  url          = {http://arxiv.org/abs/1801.04381},
  eprinttype    = {arXiv},
  eprint       = {1801.04381},
  timestamp    = {Tue, 12 Jan 2021 15:30:06 +0100},
  biburl       = {https://dblp.org/rec/journals/corr/abs-1801-04381.bib},
  bibsource    = {dblp computer science bibliography, https://dblp.org}
}